@article{RN1327,
   author = {Abdymomunov, Azamat},
   title = {Regime-switching measure of systemic financial stress},
   journal = {Annals of Finance},
   volume = {9},
   number = {3},
   pages = {455-470},
   ISSN = {1614-2446},
   year = {2013},
   type = {Journal Article}
}


@article{RN275,
   author = {李妍},
   title = {宏观审慎监管与金融稳定},
   journal = {金融研究},
   number = {8},
   pages = {52-60},
   year = {2009},
   type = {Journal Article}
}

